@article{denti2018asgal,
  title={ASGAL: aligning RNA-Seq data to a splicing graph to detect novel alternative splicing events},
  author={Denti, Luca and Rizzi, Raffaella and Beretta, Stefano and Della Vedova, Gianluca and Previtali, Marco and Bonizzoni, Paola},
  journal={BMC bioinformatics},
  volume={19},
  number={1},
  pages={444},
  year={2018},
  publisher={BioMed Central}
}